@book{raymer,
  title={Aircraft Design: A Conceptual Approach},
  author={Raymer, Daniel P},
  series={AIAA Education Series},
  year={1992},
  publisher={AIAA},
  address={California},
  pages={1-500},
}

@article{vargas,
  title={Development of a Wave Drag Prediction Tool for the Conceptual Design Phase},
  author={Vargas, J A and Vos, R},
  journal={AIAA Journal},
  volume={00},
  number={00},
  pages={00},
  year={2016},
  publisher={American Institute of Aeronautics and Astronautics},
  doi = {10.2514/6.2016-1279}
}

@article{RFP,
  title={Request for Proposal, 2019-2020 Undergraduate Team Aircraft},
  author={AIAA},
  year={2019-2020},
  publisher={American Institute of Aeronautics and Astronautics},
}